@STRING{ADM="Adv. Mater."}
@STRING{AO="Appl. Opt."}
@STRING{APL="Appl. Phys. Lett."}
@STRING{CPL="Chem. Phys. Lett."}
@STRING{JAP="J. Appl. Phys."}
@STRING{JJAP="Jpn. J. Appl. Phys."}
@STRING{JCP="J. Chem. Phys."}
@STRING{JMR="J. Mater. Res."}
@STRING{JNCS="J. Non-Cryst. Sol."}
@STRING{JOSA="J. Opt. Soc. Am."}
@STRING{JOSAA="J. Opt. Soc. Am. A"}
@STRING{JOSAB="J. Opt. Soc. Am. B"}
@STRING{JVSTB="J. Vac. Sci. Technol. B"}
@STRING{JVSTA="J. Vac. Sci. Technol. A"}
@STRING{NL="Nano Lett."}
@STRING{NAT="Nature"}
@STRING{NMAT="Nature Materials"}
@STRING{NPHYS="Nature Physics"}
@STRING{NPHOT="Nature Photonics"}
@STRING{NIMB="Nucl. Instr. Meth. B"}
@STRING{ME="Microelectron. Eng."}
@STRING{OC="Opt. Comm."}
@STRING{OL="Opt. Lett."}
@STRING{OM="Opt. Mat."}
@STRING{OE="Opt. Expr."}
@STRING{PR="Phys. Rev."}
@STRING{PRA="Phys. Rev. A"}
@STRING{PRB="Phys. Rev. B"}
@STRING{PRD="Phys. Rev. D"}
@STRING{PRE="Phys. Rev. E"}
@STRING{PRL="Phys. Rev. Lett."}
@STRING{PRSL="Proc. R. Soc. Lond. A"}
@STRING{RSI="Rev. Sci. Instr."}
@STRING{RMP="Rev. Mod. Phys."}
@STRING{SCI="Science"}
@STRING{TSF="Thin Solid Films"}

@article{ODell1993,
  author = {O'Dell, C. R. and Wen, Z. and Hu, X.},
  title = {Discovery of new objects in the Orion nebula on HST images - Shocks, compact sources, and protoplanetary disks},
  journal = {Astrophysical Journal},
  volume = {410},
  number = {2},
  pages = {696-700},
  year = {1993},
  doi = {},
  url = {https://adsabs.harvard.edu/full/1993ApJ...410..696O},
  bibcode = {1993ApJ...410..696O}
}
@INPROCEEDINGS{2015EPJWC.10200007W,
       author = {{Woitke}, Peter},
        title = "{Modelling and interpretation of SEDs}",
    booktitle = {European Physical Journal Web of Conferences},
         year = 2015,
       series = {European Physical Journal Web of Conferences},
       volume = {102},
        month = sep,
          eid = {00007},
        pages = {00007},
          doi = {10.1051/epjconf/201510200007},
       adsurl = {https://ui.adsabs.harvard.edu/abs/2015EPJWC.10200007W},
      adsnote = {Provided by the SAO/NASA Astrophysics Data System}
}

@inproceedings{inproceedings,
author = {Kamp, Inga and Antonellini, Stefano and Carmona, Andres and Ilee, John and Rab, Christian},
year = {2017},
month = {12},
pages = {},
title = {Multi-wavelength observations of planet forming disks: Constraints on planet formation processes},
doi = {10.48550/arXiv.1712.00303}
}

@INPROCEEDINGS{2015EPJWC.10200013K,
       author = {{Kamp}, Inga},
        title = "{Modeling and interpretation of line observations}",
    booktitle = {European Physical Journal Web of Conferences},
         year = 2015,
       series = {European Physical Journal Web of Conferences},
       volume = {102},
        month = sep,
          eid = {00013},
        pages = {00013},
          doi = {10.1051/epjconf/201510200013},
       adsurl = {https://ui.adsabs.harvard.edu/abs/2015EPJWC.10200013K},
      adsnote = {Provided by the SAO/NASA Astrophysics Data System}
}

@ARTICLE{1987ApJ...312..788A,
       author = {{Adams}, Fred C. and {Lada}, Charles J. and {Shu}, Frank H.},
        title = "{Spectral Evolution of Young Stellar Objects}",
      journal = {\apj},
     keywords = {Pre-Main Sequence Stars, Protostars, Spectral Energy Distribution, Star Formation, Stellar Evolution, Infrared Spectra, Stellar Models, T Tauri Stars, Astrophysics, INFRARED: SOURCES, STARS: FORMATION, STARS: PRE--MAIN-SEQUENCE},
         year = 1987,
        month = jan,
       volume = {312},
        pages = {788},
          doi = {10.1086/164924},
       adsurl = {https://ui.adsabs.harvard.edu/abs/1987ApJ...312..788A},
      adsnote = {Provided by the SAO/NASA Astrophysics Data System}
}

@article{Gasman_2023,
   title={MINDS: Abundant water and varying C/O across the disk of Sz 98 as seen by JWST/MIRI},
   volume={679},
   ISSN={1432-0746},
   url={http://dx.doi.org/10.1051/0004-6361/202347005},
   DOI={10.1051/0004-6361/202347005},
   journal={Astronomy &amp; Astrophysics},
   publisher={EDP Sciences},
   author={Gasman, Danny and van Dishoeck, Ewine F. and Grant, Sierra L. and Temmink, Milou and Tabone, Benoît and Henning, Thomas and Kamp, Inga and Güdel, Manuel and Lagage, Pierre-Olivier and Perotti, Giulia and Christiaens, Valentin and Samland, Matthias and Arabhavi, Aditya M. and Argyriou, Ioannis and Abergel, Alain and Absil, Olivier and Barrado, David and Boccaletti, Anthony and Bouwman, Jeroen and Caratti o Garatti, Alessio and Geers, Vincent and Glauser, Adrian M. and Guadarrama, Rodrigo and Jang, Hyerin and Kanwar, Jayatee and Lahuis, Fred and Morales-Calderón, Maria and Mueller, Michael and Nehmé, Cyrine and Olofsson, Göran and Pantin, Éric and Pawellek, Nicole and Ray, Tom P. and Rodgers-Lee, Donna and Scheithauer, Silvia and Schreiber, Jürgen and Schwarz, Kamber and Vandenbussche, Bart and Vlasblom, Marissa and Waters, Rens L. B. F. M. and Wright, Gillian and Colina, Luis and Greve, Thomas R. and Östlin, Göran},
   year={2023},
   month=nov, pages={A117} }

@misc{colmenares2024jwstmiridetectioncarbonrichchemistry,
      title={JWST/MIRI detection of a carbon-rich chemistry in a solar nebula analog}, 
      author={Maria Jose Colmenares and Edwin Bergin and Colette Salyk and Klaus M. Pontopiddan and Nicole Arulanantham and Jenny Calahan and Andrea Banzatti and Sean Andrews and Geoffrey A. Blake and Fred Ciesla and Joel Green and Feng Long and Michiel Lambrechts and Joan Najita and Ilaria Pascucci and Paola Pinilla and Sebastiaan Krijt and Leon Trapman and the JDISCS Collaboration},
      year={2024},
      eprint={2410.18187},
      archivePrefix={arXiv},
      primaryClass={astro-ph.EP},
      url={https://arxiv.org/abs/2410.18187}, 
}

@article{Grant_2023,
   title={MINDS. The Detection of 13CO2 with JWST-MIRI Indicates Abundant CO2 in a Protoplanetary Disk},
   volume={947},
   ISSN={2041-8213},
   url={http://dx.doi.org/10.3847/2041-8213/acc44b},
   DOI={10.3847/2041-8213/acc44b},
   number={1},
   journal={The Astrophysical Journal Letters},
   publisher={American Astronomical Society},
   author={Grant, Sierra L. and van Dishoeck, Ewine F. and Tabone, Benoît and Gasman, Danny and Henning, Thomas and Kamp, Inga and Güdel, Manuel and Lagage, Pierre-Olivier and Bettoni, Giulio and Perotti, Giulia and Christiaens, Valentin and Samland, Matthias and Arabhavi, Aditya M. and Argyriou, Ioannis and Abergel, Alain and Absil, Olivier and Barrado, David and Boccaletti, Anthony and Bouwman, Jeroen and o Garatti, Alessio Caratti and Geers, Vincent and Glauser, Adrian M. and Guadarrama, Rodrigo and Jang, Hyerin and Kanwar, Jayatee and Lahuis, Fred and Morales-Calderón, Maria and Mueller, Michael and Nehmé, Cyrine and Olofsson, Göran and Pantin, Eric and Pawellek, Nicole and Ray, Tom P. and Rodgers-Lee, Donna and Scheithauer, Silvia and Schreiber, Jürgen and Schwarz, Kamber and Temmink, Milou and Vandenbussche, Bart and Vlasblom, Marissa and Waters, L. B. F. M. and Wright, Gillian and Colina, Luis and Greve, Thomas R. and Justannont, Kay and Östlin, Göran},
   year={2023},
   month=apr, pages={L6} }

@misc{vlasblom2023midinfraredspectrattauri,
      title={Mid-infrared spectra of T Tauri disks: Modeling the effects of a small inner cavity on CO2 and H2O emission}, 
      author={Marissa Vlasblom and Ewine F. van Dishoeck and Benoît Tabone and Simon Bruderer},
      year={2023},
      eprint={2311.12445},
      archivePrefix={arXiv},
      primaryClass={astro-ph.EP},
      url={https://arxiv.org/abs/2311.12445}, 
}

@BOOK{1979rpa..book.....R,
       author = {{Rybicki}, George B. and {Lightman}, Alan P.},
        title = "{Radiative processes in astrophysics}",
         year = 1979,
       adsurl = {https://ui.adsabs.harvard.edu/abs/1979rpa..book.....R},
      adsnote = {Provided by the SAO/NASA Astrophysics Data System},
    publisher = {Wiley Vch}
}

@unpublished{taboneinprepp,
    author = {Tabone and others},
    year = {in prep.},
    note = {}

}

@misc{henning2024mindsjwstmirimidinfrared,
      title={MINDS: The JWST MIRI Mid-INfrared Disk Survey}, 
      author={Thomas Henning and Inga Kamp and Matthias Samland and Aditya M. Arabhavi and Jayatee Kanwar and Ewine F. van Dishoeck and Manuel Guedel and Pierre-Olivier Lagage and Christoffel Waelkens and Alain Abergel and Olivier Absil and David Barrado and Anthony Boccaletti and Jeroen Bouwman and Alessio Caratti o Garatti and Vincent Geers and Adrian M. Glauser and Fred Lahuis and Cyrine Nehme and Goeran Olofsson and Eric Pantin and Tom P. Ray and Bart Vandenbussche and L. B. F. M. Waters and Gillian Wright and Valentin Christiaens and Riccardo Franceschi and Danny Gasman and Rodrigo Guadarrama and Hyerin Jang and Maria Morales-Calderon and Nicole Pawellek and Giulia Perotti and Donna Rodgers-Lee and Juergen Schreiber and Kamber Schwarz and Benoit Tabone and Milou Temmink and Marissa Vlasblom and Luis Colina and Thomas R. Greve and Goeran Oestlin},
      year={2024},
      eprint={2403.09210},
      archivePrefix={arXiv},
      primaryClass={astro-ph.EP},
      url={https://arxiv.org/abs/2403.09210}, 
}

@article{Argyriou_2023,
   title={JWST MIRI flight performance: The Medium-Resolution Spectrometer},
   volume={675},
   ISSN={1432-0746},
   url={http://dx.doi.org/10.1051/0004-6361/202346489},
   DOI={10.1051/0004-6361/202346489},
   journal={Astronomy &amp; Astrophysics},
   publisher={EDP Sciences},
   author={Argyriou, Ioannis and Glasse, Alistair and Law, David R. and Labiano, Alvaro and Álvarez-Márquez, Javier and Patapis, Polychronis and Kavanagh, Patrick J. and Gasman, Danny and Mueller, Michael and Larson, Kirsten and Vandenbussche, Bart and Glauser, Adrian M. and Royer, Pierre and Dicken, Daniel and Harkett, Jake and Sargent, Beth A. and Engesser, Michael and Jones, Olivia C. and Kendrew, Sarah and Noriega-Crespo, Alberto and Brandl, Bernhard and Rieke, George H. and Wright, Gillian S. and Lee, David and Wells, Martyn},
   year={2023},
   month=jul, pages={A111} }

@mastersthesis{groningenthesis,
    author = {Thomas Smeman},
    title = {Discovering SO$_2$ in JWST MIRI MRS spectra of protoplanetary disks},
    school = {University of Groningen},
    year = {2024},
    type = {Bachelor's thesis}
}

@article{van_Gelder_2024,
   title={JWST Observations of Young protoStars (JOYS): Overview of gaseous molecular emission and absorption in low-mass protostars},
   volume={692},
   ISSN={1432-0746},
   url={http://dx.doi.org/10.1051/0004-6361/202451967},
   DOI={10.1051/0004-6361/202451967},
   journal={Astronomy &amp; Astrophysics},
   publisher={EDP Sciences},
   author={van Gelder, M. L. and Francis, L. and van Dishoeck, E. F. and Tychoniec, Ł. and Ray, T. P. and Beuther, H. and Caratti o Garatti, A. and Chen, Y. and Devaraj, R. and Gieser, C. and Justtanont, K. and Kavanagh, P. J. and Nazari, P. and Reyes, S. and Rocha, W. R. M. and Slavicinska, K. and Güdel, M. and Henning, Th. and Lagage, P.-O. and Wright, G.},
   year={2024},
   month=dec, pages={A197} }

@misc{gardner2025exoalmaxialmaobservations,
      title={exoALMA XI: ALMA Observations and Hydrodynamic Models of LkCa 15: Implications for Planetary Mass Companions in the Dust Continuum Cavity}, 
      author={Charles H. Gardner and Andrea Isella and Hui Li and Shengtai Li and Jaehan Bae and Marcelo Barraza-Alfaro and Myriam Benisty and Gianni Cataldi and Pietro Curone and Josh A. Eisner and Stefano Facchini and Daniele Fasano and Mario Flock and Katherine B. Follette and Misato Fukagawa and Maria Galloway-Sprietsma and Himanshi Garg and Cassandra Hall and Jane Huang and John D. Ilee and Michael J. Ireland and Andrés F. Izquierdo and Christopher M. Johns-Krull and Kazuhiro Kanagawa and Adam L. Kraus and Geoffroy Lesur and Shangfei Liu and Cristiano Longarini and Ryan A. Loomis and Francois Menard and Ryuta Orihara and Christophe Pinte and Daniel Price and Luca Ricci and Giovanni Rosotti and Steph Sallum and Jochen Stadler and Richard Teague and Gaylor Wafflard-Fernandez and David J. Wilner and Andrew J. Winter and Lisa Wölfer and Hsi-Wei Yen and Tomohiro C. Yoshida and Brianna Zawadzki and Zhaohuan Zhu},
      year={2025},
      eprint={2504.19868},
      archivePrefix={arXiv},
      primaryClass={astro-ph.EP},
      url={https://arxiv.org/abs/2504.19868}, 
}

@misc{shoshi2025alma2dsuperresolutionimaging,
      title={ALMA 2D Super-resolution Imaging Survey of Ophiuchus Class I/Flat Spectrum/II Disks -- I: Discovery of New Disk Substructures}, 
      author={Ayumu Shoshi and Masayuki Yamaguchi and Takayuki Muto and Naomi Hirano and Ryohei Kawabe and Takashi Tsukagoshi and Masahiro N. Machida},
      year={2025},
      eprint={2503.21060},
      archivePrefix={arXiv},
      primaryClass={astro-ph.EP},
      url={https://arxiv.org/abs/2503.21060}, 
}

@article{Arabhavi_2025,
   title={MINDS: The Very Low-mass Star and Brown Dwarf Sample Hidden Water in Carbon-dominated Protoplanetary Disks},
   volume={984},
   ISSN={2041-8213},
   url={http://dx.doi.org/10.3847/2041-8213/adc692},
   DOI={10.3847/2041-8213/adc692},
   number={2},
   journal={The Astrophysical Journal Letters},
   publisher={American Astronomical Society},
   author={Arabhavi, Aditya M. and Kamp, Inga and van Dishoeck, Ewine F. and Henning, Thomas and Jang, Hyerin and Christiaens, Valentin and Gasman, Danny and Pascucci, Ilaria and Perotti, Giulia and Grant, Sierra L. and Barrado, David and Güdel, Manuel and Lagage, Pierre-Olivier and Caratti o Garatti, Alessio and Lahuis, Fred and Waters, L. B. F. M. and Kaeufer, Till and Kanwar, Jayatee and Morales-Calderón, Maria and Schwarz, Kamber and Sellek, Andrew D. and Tabone, Benoît and Temmink, Milou and Vlasblom, Marissa},
   year={2025},
   month=may, pages={L62} }

@article{Vlasblom_2025,
   title={MINDS. JWST-MIRI reveals a peculiar CO2-rich chemistry in the drift-dominated disk CX Tau},
   volume={693},
   ISSN={1432-0746},
   url={http://dx.doi.org/10.1051/0004-6361/202450863},
   DOI={10.1051/0004-6361/202450863},
   journal={Astronomy &amp; Astrophysics},
   publisher={EDP Sciences},
   author={Vlasblom, Marissa and Temmink, Milou and Grant, Sierra L. and Kurtovic, Nicolas and Sellek, Andrew D. and van Dishoeck, Ewine F. and Güdel, Manuel and Henning, Thomas and Lagage, Pierre-Olivier and Barrado, David and Caratti o Garatti, Alessio and Glauser, Adrian M. and Kamp, Inga and Lahuis, Fred and Olofsson, Göran and Arabhavi, Aditya M. and Christiaens, Valentin and Gasman, Danny and Jang, Hyerin and Morales-Calderón, Maria and Perotti, Giulia and Schwarz, Kamber and Tabone, Benoît},
   year={2025},
   month=jan, pages={A278} }

@article{Frasca_2017,
   title={X-shooter spectroscopy of young stellar objects in Lupus: Atmospheric parameters, membership, and activity diagnostics ⋆⋆⋆},
   volume={602},
   ISSN={1432-0746},
   url={http://dx.doi.org/10.1051/0004-6361/201630108},
   DOI={10.1051/0004-6361/201630108},
   journal={Astronomy &amp; Astrophysics},
   publisher={EDP Sciences},
   author={Frasca, A. and Biazzo, K. and Alcala, J. M. and Manara, C. F. and Stelzer, B. and Covino, E. and Antoniucci, S.},
   year={2017},
   month=may, pages={A33} }

@article{Woitke_2018,
   title={Modelling mid-infrared molecular emission lines from T Tauri stars},
   volume={618},
   ISSN={1432-0746},
   url={http://dx.doi.org/10.1051/0004-6361/201731460},
   DOI={10.1051/0004-6361/201731460},
   journal={Astronomy &amp; Astrophysics},
   publisher={EDP Sciences},
   author={Woitke, P. and Min, M. and Thi, W.-F. and Roberts, C. and Carmona, A. and Kamp, I. and Ménard, F. and Pinte, C.},
   year={2018},
   month=oct, pages={A57} }

@article{Pontoppidan_2009,
   title={A NEW RAYTRACER FOR MODELING AU-SCALE IMAGING OF LINES FROM PROTOPLANETARY DISKS},
   volume={704},
   ISSN={1538-4357},
   url={http://dx.doi.org/10.1088/0004-637X/704/2/1482},
   DOI={10.1088/0004-637x/704/2/1482},
   number={2},
   journal={The Astrophysical Journal},
   publisher={American Astronomical Society},
   author={Pontoppidan, Klaus M. and Meijerink, Rowin and Dullemond, Cornelis P. and Blake, Geoffrey A.},
   year={2009},
   month=oct, pages={1482–1494} }

@article{Arabhavi_2024,
   title={Abundant hydrocarbons in the disk around a very-low-mass star},
   volume={384},
   ISSN={1095-9203},
   url={http://dx.doi.org/10.1126/science.adi8147},
   DOI={10.1126/science.adi8147},
   number={6700},
   journal={Science},
   publisher={American Association for the Advancement of Science (AAAS)},
   author={Arabhavi, A. M. and Kamp, I. and Henning, Th. and van Dishoeck, E. F. and Christiaens, V. and Gasman, D. and Perrin, A. and Güdel, M. and Tabone, B. and Kanwar, J. and Waters, L. B. F. M. and Pascucci, I. and Samland, M. and Perotti, G. and Bettoni, G. and Grant, S. L. and Lagage, P. O. and Ray, T. P. and Vandenbussche, B. and Absil, O. and Argyriou, I. and Barrado, D. and Boccaletti, A. and Bouwman, J. and Caratti o Garatti, A. and Glauser, A. M. and Lahuis, F. and Mueller, M. and Olofsson, G. and Pantin, E. and Scheithauer, S. and Morales-Calderón, M. and Franceschi, R. and Jang, H. and Pawellek, N. and Rodgers-Lee, D. and Schreiber, J. and Schwarz, K. and Temmink, M. and Vlasblom, M. and Wright, G. and Colina, L. and Östlin, G.},
   year={2024},
   month=jun, pages={1086–1090} }

@article{RevModPhys.70.1,
  title = {Instability, turbulence, and enhanced transport in accretion disks},
  author = {Balbus, Steven A. and Hawley, John F.},
  journal = {Rev. Mod. Phys.},
  volume = {70},
  issue = {1},
  pages = {1--53},
  numpages = {0},
  year = {1998},
  month = {Jan},
  publisher = {American Physical Society},
  doi = {10.1103/RevModPhys.70.1},
  url = {https://link.aps.org/doi/10.1103/RevModPhys.70.1}
}

@article{Salinas_2016,
   title={First detection of gas-phase ammonia in a planet-forming disk: NH3, N2H+, and H2O in the disk around TW Hydrae},
   volume={591},
   ISSN={1432-0746},
   url={http://dx.doi.org/10.1051/0004-6361/201628172},
   DOI={10.1051/0004-6361/201628172},
   journal={Astronomy &amp; Astrophysics},
   publisher={EDP Sciences},
   author={Salinas, Vachail N. and Hogerheijde, Michiel R. and Bergin, Edwin A. and Ilsedore Cleeves, L. and Brinch, Christian and Blake, Geoffrey A. and Lis, Dariusz C. and Melnick, Gary J. and Panić, Olja and Pearson, John C. and Kristensen, Lars and Yıldız, Umut A. and van Dishoeck, Ewine F.},
   year={2016},
   month=jun, pages={A122} }

@misc{vlasblom2023midinfraredspectrattauri,
      title={Mid-infrared spectra of T Tauri disks: Modeling the effects of a small inner cavity on CO2 and H2O emission}, 
      author={Marissa Vlasblom and Ewine F. van Dishoeck and Benoît Tabone and Simon Bruderer},
      year={2023},
      eprint={2311.12445},
      archivePrefix={arXiv},
      primaryClass={astro-ph.EP},
      url={https://arxiv.org/abs/2311.12445}, 
}

@article{Andrews_2016,
   title={RINGED SUBSTRUCTURE AND A GAP AT 1 au IN THE NEAREST PROTOPLANETARY DISK},
   volume={820},
   ISSN={2041-8213},
   url={http://dx.doi.org/10.3847/2041-8205/820/2/L40},
   DOI={10.3847/2041-8205/820/2/l40},
   number={2},
   journal={The Astrophysical Journal Letters},
   publisher={American Astronomical Society},
   author={Andrews, Sean M. and Wilner, David J. and Zhu, Zhaohuan and Birnstiel, Tilman and Carpenter, John M. and Pérez, Laura M. and Bai, Xue-Ning and Öberg, Karin I. and Hughes, A. Meredith and Isella, Andrea and Ricci, Luca},
   year={2016},
   month=mar, pages={L40} }


@article{ALMA2015,
   title={THE 2014 ALMA LONG BASELINE CAMPAIGN: FIRST RESULTS FROM HIGH ANGULAR RESOLUTION OBSERVATIONS TOWARD THE HL TAU REGION},
   volume={808},
   ISSN={2041-8213},
   url={http://dx.doi.org/10.1088/2041-8205/808/1/L3},
   DOI={10.1088/2041-8205/808/1/l3},
   number={1},
   journal={The Astrophysical Journal},
   publisher={American Astronomical Society},
   author={Brogan, C. L. and Pérez, L. M. and Hunter, T. R. and Dent, W. R. F. and Hales, A. S. and Hills, R. E. and Corder, S. and Fomalont, E. B. and Vlahakis, C. and Asaki, Y. and Barkats, D. and Hirota, A. and Hodge, J. A. and Impellizzeri, C. M. V. and Kneissl, R. and Liuzzo, E. and Lucas, R. and Marcelino, N. and Matsushita, S. and Nakanishi, K. and Phillips, N. and Richards, A. M. S. and Toledo, I. and Aladro, R. and Broguiere, D. and Cortes, J. R. and Cortes, P. C. and Espada, D. and Galarza, F. and Appadoo, D. Garcia- and Ramirez, L. Guzman- and Humphreys, E. M. and Jung, T. and Kameno, S. and Laing, R. A. and Leon, S. and Marconi, G. and Mignano, A. and Nikolic, B. and Nyman, L.-A. and Radiszcz, M. and Remijan, A. and Rodón, J. A. and Sawada, T. and Takahashi, S. and Tilanus, R. P. J. and Vilaro, B. Vila and Watson, L. C. and Wiklind, T. and Akiyama, E. and Chapillon, E. and Monsalvo, I. de Gregorio- and Francesco, J. Di and Gueth, F. and Kawamura, A. and Lee, C.-F. and Luong, Q. Nguyen and Mangum, J. and Pietu, V. and Sanhueza, P. and Saigo, K. and Takakuwa, S. and Ubach, C. and Kempen, T. van and Wootten, A. and Carrizo, A. Castro- and Francke, H. and Gallardo, J. and Garcia, J. and Gonzalez, S. and Hill, T. and Kaminski, T. and Kurono, Y. and Liu, H.-Y. and Lopez, C. and Morales, F. and Plarre, K. and Schieven, G. and Testi, L. and Videla, L. and Villard, E. and Andreani, P. and Hibbard, J. E. and Tatematsu, K.},
   year={2015},
   month=jul, pages={L3} }

@article{Kamp_2023,
   title={The chemical inventory of the inner regions of planet-forming disks – the JWST/MINDS program},
   volume={245},
   ISSN={1364-5498},
   url={http://dx.doi.org/10.1039/D3FD00013C},
   DOI={10.1039/d3fd00013c},
   journal={Faraday Discussions},
   publisher={Royal Society of Chemistry (RSC)},
   author={Kamp, Inga and Henning, Thomas and Arabhavi, Aditya M. and Bettoni, Giulio and Christiaens, Valentin and Gasman, Danny and Grant, Sierra L. and Morales-Calderón, Maria and Tabone, Benoît and Abergel, Alain and Absil, Olivier and Argyriou, Ioannis and Barrado, David and Boccaletti, Anthony and Bouwman, Jeroen and Caratti o Garatti, Alessio and van Dishoeck, Ewine F. and Geers, Vincent and Glauser, Adrian M. and Güdel, Manuel and Guadarrama, Rodrigo and Jang, Hyerin and Kanwar, Jayatee and Lagage, Pierre-Olivier and Lahuis, Fred and Mueller, Michael and Nehmé, Cyrine and Olofsson, Göran and Pantin, Eric and Pawellek, Nicole and Perotti, Giulia and Ray, Tom P. and Rodgers-Lee, Donna and Samland, Matthias and Scheithauer, Silvia and Schreiber, Jürgen and Schwarz, Kamber and Temmink, Milou and Vandenbussche, Bart and Vlasblom, Marissa and Waelkens, Christoffel and Waters, L. B. F. M. and Wright, Gillian},
   year={2023},
   pages={112–137} }

@article{Andrews_2018,
   title={The Disk Substructures at High Angular Resolution Project (DSHARP). I. Motivation, Sample, Calibration, and Overview},
   volume={869},
   ISSN={2041-8213},
   url={http://dx.doi.org/10.3847/2041-8213/aaf741},
   DOI={10.3847/2041-8213/aaf741},
   number={2},
   journal={The Astrophysical Journal Letters},
   publisher={American Astronomical Society},
   author={Andrews, Sean M. and Huang, Jane and Pérez, Laura M. and Isella, Andrea and Dullemond, Cornelis P. and Kurtovic, Nicolás T. and Guzmán, Viviana V. and Carpenter, John M. and Wilner, David J. and Zhang, Shangjia and Zhu, Zhaohuan and Birnstiel, Tilman and Bai, Xue-Ning and Benisty, Myriam and Hughes, A. Meredith and Öberg, Karin I. and Ricci, Luca},
   year={2018},
   month=dec, pages={L41} }

@ARTICLE{1987ARA&A..25...23S,
       author = {{Shu}, Frank H. and {Adams}, Fred C. and {Lizano}, Susana},
        title = "{Star formation in molecular clouds: observation and theory.}",
      journal = {\araa},
     keywords = {Astrophysics, Molecular Clouds, Star Formation, Stellar Models, Astronomical Maps, Binary Stars, Gravitational Collapse, Protostars, Star Clusters, Stellar Mass, Astrophysics, Molecular Clouds:Star Formation, Pre-Main-Sequence Stars:Star Formation, Protostars:Stellar Evolution, Star Formation:Molecular Clouds, Star Formation:Pre-Main-Sequence Stars, Stellar Evolution:Protostars},
         year = 1987,
        month = jan,
       volume = {25},
        pages = {23-81},
          doi = {10.1146/annurev.aa.25.090187.000323},
       adsurl = {https://ui.adsabs.harvard.edu/abs/1987ARA&A..25...23S},
      adsnote = {Provided by the SAO/NASA Astrophysics Data System}
}

@ARTICLE{2023PASP..135d8003W,
       author = {{Wright}, Gillian S. and {Rieke}, George H. and {Glasse}, Alistair and {Ressler}, Michael and {Garc{\'\i}a Mar{\'\i}n}, Macarena and {Aguilar}, Jonathan and {Alberts}, Stacey and {{\'A}lvarez-M{\'a}rquez}, Javier and {Argyriou}, Ioannis and {Banks}, Kimberly and {Baudoz}, Pierre and {Boccaletti}, Anthony and {Bouchet}, Patrice and {Bouwman}, Jeroen and {Brandl}, Bernard R. and {Breda}, David and {Bright}, Stacey and {Cale}, Steven and {Colina}, Luis and {Cossou}, Christophe and {Coulais}, Alain and {Cracraft}, Misty and {De Meester}, Wim and {Dicken}, Daniel and {Engesser}, Michael and {Etxaluze}, Mireya and {Fox}, Ori D. and {Friedman}, Scott and {Fu}, Henry and {Gasman}, Danny and {G{\'a}sp{\'a}r}, Andr{\'a}s and {Gastaud}, Ren{\'e} and {Geers}, Vincent and {Glauser}, Adrian Michael and {Gordon}, Karl D. and {Greene}, Thomas and {Greve}, Thomas R. and {Grundy}, Timothy and {G{\"u}del}, Manuel and {Guillard}, Pierre and {Haderlein}, Peter and {Hashimoto}, Ryan and {Henning}, Thomas and {Hines}, Dean and {Holler}, Bryan and {Detre}, {\"O}rs Hunor and {Jahromi}, Amir and {James}, Bryan and {Jones}, Olivia C. and {Justtanont}, Kay and {Kavanagh}, Patrick and {Kendrew}, Sarah and {Klaassen}, Pamela and {Krause}, Oliver and {Labiano}, Alvaro and {Lagage}, Pierre-Olivier and {Lambros}, Scott and {Larson}, Kirsten and {Law}, David and {Lee}, David and {Libralato}, Mattia and {Lorenzo Alverez}, Jose and {Meixner}, Margaret and {Morrison}, Jane and {Mueller}, Migo and {Murray}, Katherine and {Mycroft}, Matthew and {Myers}, Richard and {Nayak}, Omnarayani and {Naylor}, Bret and {Nickson}, Bryony and {Noriega-Crespo}, Alberto and {{\"O}stlin}, G{\"o}ran and {O'Sullivan}, Brian and {Ottens}, Richard and {Patapis}, Polychronis and {Penanen}, Konstantin and {Pietraszkiewicz}, Martin and {Ray}, Tom and {Regan}, Michael and {Roteliuk}, Anthony and {Royer}, Pierre and {Samara-Ratna}, Piyal and {Samuelson}, Bridget and {Sargent}, Beth A. and {Scheithauer}, Silvia and {Schneider}, Analyn and {Schreiber}, J{\"u}rgen and {Shaughnessy}, Bryan and {Sheehan}, Evan and {Shivaei}, Irene and {Sloan}, G.~C. and {Tamas}, Laszlo and {Teague}, Kelly and {Temim}, Tea and {Tikkanen}, Tuomo and {Tustain}, Samuel and {van Dishoeck}, Ewine F. and {Vandenbussche}, Bart and {Weilert}, Mark and {Whitehouse}, Paul and {Wolff}, Schuyler},
        title = "{The Mid-infrared Instrument for JWST and Its In-flight Performance}",
      journal = {\pasp},
     keywords = {Space vehicle instruments, Astronomical instrumentation, 1548, 799},
         year = 2023,
        month = apr,
       volume = {135},
       number = {1046},
          eid = {048003},
        pages = {048003},
          doi = {10.1088/1538-3873/acbe66},
       adsurl = {https://ui.adsabs.harvard.edu/abs/2023PASP..135d8003W},
      adsnote = {Provided by the SAO/NASA Astrophysics Data System}
}

@article{ chap13,
	author = {{Kamp, Inga}},
	title = {Modeling and interpretation of line observations*},
	DOI= "10.1051/epjconf/201510200013",
	url= "https://doi.org/10.1051/epjconf/201510200013",
	journal = {EPJ Web of Conferences},
	year = 2015,
	volume = 102,
	pages = "00013",
}

@article{ chap1,
	author = {{Dominik, Carsten}},
	title = {Disk formation and structure*},
	DOI= "10.1051/epjconf/201510200002",
	url= "https://doi.org/10.1051/epjconf/201510200002",
	journal = {EPJ Web of Conferences},
	year = 2015,
	volume = 102,
	pages = "00002",
}

@ARTICLE{1964ApJ...139.1217T,
       author = {{Toomre}, A.},
        title = "{On the gravitational stability of a disk of stars.}",
      journal = {\apj},
         year = 1964,
        month = may,
       volume = {139},
        pages = {1217-1238},
          doi = {10.1086/147861},
       adsurl = {https://ui.adsabs.harvard.edu/abs/1964ApJ...139.1217T},
      adsnote = {Provided by the SAO/NASA Astrophysics Data System}
}

@article{pressetal,
author = {Press, William and Fortran, In and Teukolsky, Saul and Vetterling, William and Flannery, Brian},
year = {1992},
month = {01},
pages = {},
title = {Numerical Recipes},
journal = {Cambridge, UK, Cambridge University Press}
}

@ARTICLE{Avnietal,
       author = {{Avni}, Y.},
        title = "{Energy spectra of X-ray clusters of galaxies.}",
      journal = {\apj},
     keywords = {Energy Spectra, Galactic Clusters, Statistical Analysis, X Ray Sources, X Ray Spectra, Computerized Simulation, Monte Carlo Method, Range (Extremes), Spectral Energy Distribution, Spectrum Analysis, Astrophysics},
         year = 1976,
        month = dec,
       volume = {210},
        pages = {642-646},
          doi = {10.1086/154870},
       adsurl = {https://ui.adsabs.harvard.edu/abs/1976ApJ...210..642A},
      adsnote = {Provided by the SAO/NASA Astrophysics Data System}
}

@ARTICLE{firstnodetect,
       author = {{Leemker}, M. and {Booth}, A.~S. and {van Dishoeck}, E.~F. and {van der Marel}, N. and {Tabone}, B. and {Ligterink}, N.~F.~W. and {Brunken}, N.~G.~C. and {Hogerheijde}, M.~R.},
        title = "{A major asymmetric ice trap in a planet-forming disk. IV. Nitric oxide gas and a lack of CN tracing sublimating ices and a C/O ratio <1}",
      journal = {\aap},
     keywords = {astrochemistry, protoplanetary disks, ISM: molecules, submillimeter: planetary systems, stars: individual: IRS 48, Astrophysics - Earth and Planetary Astrophysics, Astrophysics - Solar and Stellar Astrophysics},
         year = 2023,
        month = may,
       volume = {673},
          eid = {A7},
        pages = {A7},
          doi = {10.1051/0004-6361/202245662},
archivePrefix = {arXiv},
       eprint = {2303.00768},
 primaryClass = {astro-ph.EP},
       adsurl = {https://ui.adsabs.harvard.edu/abs/2023A&A...673A...7L},
      adsnote = {Provided by the SAO/NASA Astrophysics Data System}
}

@article{ Diskcomp,
	author = {{Barri\`{e}re-Fouchet, L.} and {Gonzalez, J.-F.} and {Murray, J. R.} and {Humble, R. J.} and {Maddison, S. T.}},
	title = {Dust distribution in protoplanetary disks - Vertical settling and radial migration},
	DOI= "10.1051/0004-6361:20042249",
	url= "https://doi.org/10.1051/0004-6361:20042249",
	journal = {A&A},
	year = 2005,
	volume = 443,
	number = 1,
	pages = "185-194",
}

@article{Furlan_2016,
   title={THE HERSCHEL ORION PROTOSTAR SURVEY: SPECTRAL ENERGY DISTRIBUTIONS AND FITS USING A GRID OF PROTOSTELLAR MODELS},
   volume={224},
   ISSN={1538-4365},
   url={http://dx.doi.org/10.3847/0067-0049/224/1/5},
   DOI={10.3847/0067-0049/224/1/5},
   number={1},
   journal={The Astrophysical Journal Supplement Series},
   publisher={American Astronomical Society},
   author={Furlan, E. and Fischer, W. J. and Ali, B. and Stutz, A. M. and Stanke, T. and Tobin, J. J. and Megeath, S. T. and Osorio, M. and Hartmann, L. and Calvet, N. and Poteet, C. A. and Booker, J. and Manoj, P. and Watson, D. M. and Allen, L.},
   year={2016},
   month=may, pages={5} }

@article{J_rgensen_2009,
   title={PROSAC: a submillimeter array survey of low-mass protostars: II. The mass evolution of envelopes, disks, and stars from the Class 0 through I stages},
   volume={507},
   ISSN={1432-0746},
   url={http://dx.doi.org/10.1051/0004-6361/200912325},
   DOI={10.1051/0004-6361/200912325},
   number={2},
   journal={Astronomy &amp; Astrophysics},
   publisher={EDP Sciences},
   author={J{\o}rgensen, J. K. and van Dishoeck, E. F. and Visser, R. and Bourke, T. L. and Wilner, D. J. and Lommen, D. and Hogerheijde, M. R. and Myers, P. C.},
   year={2009},
   month=sep, pages={861–879} }
